<?xml version="1.0" encoding="UTF-8"?><record xmlns="http://www.loc.gov/MARC21/slim" xmlns:cinclude="http://apache.org/cocoon/include/1.0" xmlns:zs="http://www.loc.gov/zing/srw/">
  <leader>00487cz  a2200133n  4500</leader>
  <controlfield tag="001">n 2001014040</controlfield>
  <controlfield tag="003">DLC</controlfield>
  <controlfield tag="005">20040301163112.0</controlfield>
  <controlfield tag="008">011003n| acannaabn          |n aaa      </controlfield>
  <datafield tag="010" ind1=" " ind2=" ">
    <subfield code="a">n 2001014040</subfield>
  </datafield>
  <datafield tag="040" ind1=" " ind2=" ">
    <subfield code="a">DLC</subfield>
    <subfield code="b">eng</subfield>
    <subfield code="c">DLC</subfield>
    <subfield code="d">DLC</subfield>
  </datafield>
  <datafield tag="100" ind1="1" ind2=" ">
    <subfield code="a">Brashear, Robert W.</subfield>
  </datafield>
  <datafield tag="670" ind1=" " ind2=" ">
    <subfield code="a">Urban drainage modeling, 2001:</subfield>
    <subfield code="b">CIP t.p. (Robert W. Brashear)</subfield>
  </datafield>
  <datafield tag="670" ind1=" " ind2=" ">
    <subfield code="a">Best practices for the treatment of wet weather wastewater flows, 2002:</subfield>
    <subfield code="b">t.p. (Robert Brashear, Ph.D., P.E.) p. iii (Camp Dresser &amp; McKee Inc.)</subfield>
  </datafield>
</record>